% BIBLIOGRAFÍA REORGANIZADA POR ORDEN DE APARICIÓN

@article{cinelli2021,
	author = {Cinelli, Marco and Kadzi{\'n}ski, Mi{\l}osz and Miebs, Gabriela and Gonzalez, Mariana and S{\l}owi{\'n}ski, Roman},
	title = {Multiple criteria decision making for the achievement of the UN sustainable development goals: A systematic literature review and a research agenda},
	journal = {Sustainability},
	volume = {13},
	number = {8},
	pages = {4129},
	year = {2021},
	publisher = {MDPI},
	doi = {10.3390/su13084129}
}

@article{thomas2023,
	author = {Thomas, Arunodaya Raj and Krishnamoorthy, Mohan and Venkatesan, Mahalakshmi},
	title = {Multi-criteria decision making methods and concepts},
	journal = {Encyclopedia},
	volume = {3},
	number = {1},
	pages = {77--87},
	year = {2023},
	publisher = {MDPI},
	doi = {10.3390/encyclopedia3010006}
}

@article{berthet2021,
	author = {Berthet, Virginie},
	title = {The impact of cognitive biases on professionals' decision-making: A review of four occupational areas},
	journal = {Frontiers in Psychology},
	volume = {12},
	pages = {802439},
	year = {2021},
	publisher = {Frontiers Media SA},
	doi = {10.3389/fpsyg.2021.802439}
}

@article{fugener2021,
	author = {F{\"u}gener, Andreas and Grahl, J{\"o}rn and Gupta, Alok and Ketter, Wolfgang},
	title = {Cognitive challenges in human--artificial intelligence collaboration: Investigating the path toward productive delegation},
	journal = {Information Systems Research},
	volume = {32},
	number = {4},
	pages = {1079--1097},
	year = {2021},
	publisher = {INFORMS},
	doi = {10.1287/isre.2021.1079}
}

@article{rahim2023,
	author = {Rahim, Abdul and Khan, Shahab and Shah, Syed Asad and Qureshi, Muhammad Asif},
	title = {Impact of artificial intelligence on human loss in decision making, laziness and safety in education},
	journal = {Humanities and Social Sciences Communications},
	volume = {10},
	number = {1},
	pages = {1--14},
	year = {2023},
	publisher = {Palgrave Macmillan UK},
	doi = {10.1057/s41599-023-01787-8}
}

@book{keeney1993,
	author = {Keeney, R. L. and Raiffa, H.},
	title = {Decisions with Multiple Objectives: Preferences and Value Tradeoffs},
	publisher = {Cambridge University Press},
	year = {1993}
}

@book{roy1996,
	author = {Roy, B.},
	title = {Multicriteria Methodology for Decision Aiding},
	publisher = {Kluwer Academic Publishers},
	year = {1996}
}

@book{simon1960,
	author = {Simon, H. A.},
	title = {The New Science of Management Decision},
	publisher = {Harper and Row},
	year = {1960}
}

@article{sharma2023,
	author = {Sharma, Ravi and Kumar, Amit and Singh, Priya},
	title = {Problem identification and structuring in complex decision environments: A systematic approach},
	journal = {Decision Support Systems},
	volume = {171},
	pages = {113975},
	year = {2023},
	doi = {10.1016/j.dss.2023.113975}
}

@article{zhang2024,
	author = {Zhang, Wei and Li, Xin and Wang, Yu},
	title = {Information gathering strategies in multi-criteria decision contexts: The role of big data and AI},
	journal = {Information Sciences},
	volume = {651},
	pages = {119678},
	year = {2024},
	doi = {10.1016/j.ins.2023.119678}
}

@article{liu2023,
	author = {Liu, Jian and Chen, Ming and Zhou, Lei},
	title = {Alternative generation methods in modern decision-making processes: From traditional brainstorming to AI-assisted approaches},
	journal = {European Journal of Operational Research},
	volume = {314},
	number = {2},
	pages = {456--471},
	year = {2023},
	doi = {10.1016/j.ejor.2023.05.042}
}

@article{chen2024,
	author = {Chen, Hui and Anderson, Mark and Patel, Raj},
	title = {Implementation and monitoring frameworks for strategic decisions in the digital age},
	journal = {Strategic Management Journal},
	volume = {45},
	number = {3},
	pages = {789--812},
	year = {2024},
	doi = {10.1002/smj.3567}
}

@book{cohn2004,
	author = {Cohn, Mike},
	title = {User Stories Applied: For Agile Software Development},
	year = {2004},
	publisher = {Addison-Wesley Professional},
	address = {Boston, MA},
	isbn = {9780321205681}
}

@book{shore2021,
	author = {Shore, James and Warden, Shane},
	title = {The Art of Agile Development},
	year = {2021},
	edition = {2},
	publisher = {O'Reilly Media},
	address = {Sebastopol, CA},
	isbn = {9781492080695}
}

@article{taherdoost2023,
	author = {Taherdoost, Hamed and Madanchian, Mitra},
	title = {Comprehensive analysis of MCDM methods and applications: A decade review},
	journal = {Journal of Management Analytics},
	volume = {10},
	number = {4},
	pages = {523--556},
	year = {2023},
	doi = {10.1080/23270012.2023.2198745}
}

@book{saaty1980,
	author = {Saaty, T. L.},
	title = {The Analytic Hierarchy Process},
	publisher = {McGraw-Hill},
	year = {1980}
}

@book{hwang1981,
	author = {Hwang, C. L. and Yoon, K.},
	title = {Multiple Attribute Decision Making: Methods and Applications},
	publisher = {Springer-Verlag},
	year = {1981}
}

@book{freeman1984,
	author = {Freeman, R. E.},
	title = {Strategic Management: A Stakeholder Approach},
	publisher = {Pitman},
	address = {Boston},
	year = {1984}
}

@article{steyvers2024,
	author = {Steyvers, Mark and Kumar, Aakriti},
	title = {Three Challenges for AI-Assisted Decision-Making},
	journal = {Perspectives on Psychological Science},
	volume = {19},
	number = {2},
	pages = {332--348},
	year = {2024},
	doi = {10.1177/17456916231181102}
}

@article{sahoo2023,
	author = {Sahoo, Sarat Kumar and Goswami, Sanjay Sanjay},
	title = {A comprehensive review of multiple criteria decision-making (MCDM) Methods: advancements, applications, and future directions},
	journal = {Decision Making Advances},
	volume = {1},
	number = {1},
	pages = {25--48},
	year = {2023}
}

@article{vatankhah2023,
	author = {Vatankhah, Sanaz and Darvishmotevali, Mahlagha and Rahimi, Roya and Jamali, Seyedh Mahboobeh and Ale Ebrahim, Nader},
	title = {Assessing the application of multi-criteria decision making techniques in hospitality and tourism research: a bibliometric study},
	journal = {International Journal of Contemporary Hospitality Management},
	volume = {35},
	number = {7},
	pages = {2590--2623},
	year = {2023},
	doi = {10.1108/IJCHM-05-2022-0643}
}

@article{alvarez2021,
	author = {Alvarez, Pavel A. and Ishizaka, Alessio and Martinez, Luis},
	title = {Multiple-criteria decision-making sorting methods: A survey},
	journal = {Expert Systems with Applications},
	volume = {183},
	pages = {115368},
	year = {2021},
	doi = {10.1016/j.eswa.2021.115368}
}

@article{goswami2023,
	author = {Goswami, Shankha Shubhra and Behera, Dhiren Kumar},
	title = {Evaluation of the best smartphone model in the market by integrating fuzzy-AHP and PROMETHEE decision-making approach},
	journal = {Decision},
	volume = {50},
	number = {1},
	pages = {117--134},
	year = {2023},
	doi = {10.1007/s40622-022-00330-z}
}

@article{madanchian2024,
	author = {Madanchian, Mitra and Taherdoost, Hamed},
	title = {Exploring the Landscape of Multicriteria Decision Making in Software Project Management: Trends, Challenges, and Future Directions},
	journal = {EAI Endorsed Transactions on Scalable Information Systems},
	volume = {11},
	number = {5},
	year = {2024},
	doi = {10.4108/eetsis.6061}
}

@article{keenan2024,
	author = {Keenan, Peter B. and Figueira, José Rui and Siskos, Yannis and Yevseyeva, Iryna},
	title = {A scientometric analysis of multicriteria decision-making research},
	journal = {International Journal of Information Technology \& Decision Making},
	volume = {23},
	number = {1},
	pages = {78--88},
	year = {2024},
	doi = {10.1080/12460125.2024.2354642}
}

@article{azhar2021,
	author = {Azhar, Nurul Afiqah and Radzi, Nurul Ashikin Mohd and Wan Ahmad, Wan Siti Halimatul Munirah},
	title = {Multi-criteria decision making: a systematic review},
	journal = {Recent Advances in Electrical \& Electronic Engineering},
	volume = {14},
	number = {8},
	pages = {779--801},
	year = {2021},
	doi = {10.2174/2352096514666211029112443}
}

@article{yenugula2024,
	author = {Yenugula, Mahesh and Sahoo, Sujan and Goswami, Shankha},
	title = {Cloud computing for sustainable development: An analysis of environmental, economic and social benefits},
	journal = {Journal of Future Sustainability},
	volume = {4},
	number = {1},
	pages = {59--66},
	year = {2024},
	doi = {10.5267/j.jfs.2024.1.005}
}

@article{sharma2023dss,
	author = {Sharma, Mohit and Luthra, Sunil and Joshi, Sudhanshu and Kumar, Anil},
	title = {Implementing challenges of artificial intelligence: Evidence from public manufacturing sector of an emerging economy},
	journal = {Government Information Quarterly},
	volume = {40},
	number = {4},
	pages = {101624},
	year = {2023},
	doi = {10.1016/j.giq.2021.101624}
}

@article{pelissari2022,
	author = {Pelissari, Renata and Khan, Sharfuddin Ahmed and Ben-Amor, Sarah},
	title = {Application of Multi-Criteria Decision-Making Methods in Sustainable Manufacturing Management: A Systematic Literature Review and Analysis of the Prospects},
	journal = {Sustainability},
	volume = {14},
	number = {2},
	pages = {650},
	year = {2022},
	doi = {10.3390/su14020650}
}

@article{li2023,
	author = {Li, Ting and Li, Aijun and Guo, Xiaohui},
	title = {The sustainable development-oriented development and utilization of renewable energy industry: A comprehensive analysis of MCDM methods},
	journal = {Energy},
	volume = {269},
	pages = {126754},
	year = {2023},
	doi = {10.1016/j.energy.2023.126754}
}

@article{coban2023,
	author = {Coban, Ayhan and Ertis, Irem Firtina and Cavdaroglu, Nur Ayvaz},
	title = {Municipal solid waste management via multi-criteria decision making methods: A case study in Istanbul, Turkey},
	journal = {Journal of Cleaner Production},
	volume = {387},
	pages = {135814},
	year = {2023},
	doi = {10.1016/j.jclepro.2022.135814}
}

@techreport{government2024,
	author = {{UK Government Analysis Function}},
	title = {An Introductory Guide to Multi-Criteria Decision Analysis (MCDA)},
	institution = {UK Civil Service},
	year = {2024},
	url = {https://analysisfunction.civilservice.gov.uk/policy-store/an-introductory-guide-to-mcda/}
}

@article{halicka2020,
	author = {Halicka, Katarzyna},
	title = {Technology Selection Using the TOPSIS Method},
	journal = {Foresight and STI Governance},
	volume = {14},
	number = {1},
	pages = {85--96},
	year = {2020},
	doi = {10.17323/2500-2597.2020.1.85.96}
}

@article{kumar2021,
	author = {Kumar, Anil and Mangla, Sachin Kumar and Luthra, Sunil and Kazancoglu, Yigit},
	title = {Building supply chain resilience in the era of COVID-19: An AHP-DEMATEL approach},
	journal = {Operations Management Research},
	volume = {15},
	pages = {249--267},
	year = {2022},
	doi = {10.1007/s12063-021-00200-4}
}

@article{mohamed2024,
	author = {Mohamed, Abdel-Basset and Gamal, Abduallah and Hezam, Ibrahim M.},
	title = {Multi-Criteria Decision-Making for Renewable Energy: Methods and Applications},
	journal = {Energies},
	volume = {17},
	number = {3},
	pages = {567},
	year = {2024},
	doi = {10.3390/en17030567}
}

@article{radenovic2023,
	author = {Radenovi{\'c}, {\v{Z}}arko and Veselinovi{\'c}, Ivana},
	title = {Integrated AHP-TOPSIS Method for the Assessment of Health Management Information Systems Efficiency},
	journal = {Economic Themes},
	volume = {61},
	number = {1},
	pages = {121--142},
	year = {2023},
	doi = {10.2478/ethemes-2023-0008}
}

@article{aloini2024,
	author = {Aloini, Davide and Dulmin, Riccardo and Mininno, Valeria and Stefanini, Alessandro},
	title = {Technology assessment with IF-TOPSIS: An application in the advanced underwater system sector},
	journal = {Technological Forecasting and Social Change},
	volume = {187},
	pages = {122189},
	year = {2024},
	doi = {10.1016/j.techfore.2023.122189}
}

@techreport{deloitte2025,
	author = {Deloitte},
	title = {2025 Engineering and Construction Industry Outlook},
	institution = {Deloitte Insights},
	year = {2025},
	url = {https://www2.deloitte.com/insights/engineering-construction-outlook}
}

@article{yakici2023,
	author = {Yakıcı, Emel and Eren, Tamer},
	title = {Turkey's 2023 Energy Strategies and Investment Opportunities for Renewable Energy Sources: Site Selection Based on ELECTRE},
	journal = {Sustainability},
	volume = {15},
	number = {7},
	pages = {2136},
	year = {2023},
	doi = {10.3390/su15072136}
}

@article{abastante2023,
	author = {Abastante, Francesca and Gaballo, Marika and Mecca, Beatrice},
	title = {An ELECTRE TRI B-Based Decision Framework to Support the Energy Project Manager in Dealing with Retrofit Processes at District Scale},
	journal = {Sustainability},
	volume = {15},
	number = {2},
	pages = {1250},
	year = {2023},
	doi = {10.3390/su15021250}
}

@article{majdi2023,
	author = {Majdi, Iman and Boffetta, Giulia},
	title = {Comparative evaluation of PROMETHEE and ELECTRE with application to sustainability assessment},
	journal = {Spectrum: Concordia University Research Repository},
	year = {2023},
	url = {https://spectrum.library.concordia.ca/978069/}
}

@article{costa2023,
	author = {Costa, Ana Sara and Govindan, Kannan and Figueira, José Rui},
	title = {Supplier classification in emerging economies using the ELECTRE TRI-nC method: A case study considering sustainability aspects},
	journal = {Journal of Cleaner Production},
	volume = {395},
	pages = {136421},
	year = {2023},
	doi = {10.1016/j.jclepro.2023.136421}
}

@article{praene2023,
	author = {Praene, Jean Philippe and Payet, Mathieu and Bénard-Sora, Fiona},
	title = {Long-term energy scenario ranking with MCDA analysis: The case of Reunion Island},
	journal = {Renewable Energy},
	volume = {203},
	pages = {68--82},
	year = {2023},
	doi = {10.1016/j.renene.2022.12.020}
}

@article{morais2024,
	author = {Morais, Hugo and Sousa, Tiago and Pinto, Tiago},
	title = {Exploring Flexibility Potential of Energy-Intensive Industries in Energy Markets},
	journal = {Energies},
	volume = {17},
	number = {12},
	pages = {3052},
	year = {2024},
	doi = {10.3390/en17123052}
}

@techreport{iea2024,
	author = {IEA},
	title = {Energy Technology Perspectives 2024},
	institution = {International Energy Agency},
	year = {2024},
	url = {https://www.iea.org/reports/energy-technology-perspectives-2024}
}

@article{morrison2023,
	author = {Morrison, Ben William and Bergin, Kathryn and Kelson, Joshua and Morrison, Natalie May Virginia and Innes, John Michael and Zelic, Gregory and Al-Saggaf, Yeslam and Paul, Manoranjan},
	title = {Decision Support Systems (DSSs) 'In the Wild': The Factors That Influence Users' Acceptance of DSSs in Naturalistic Settings},
	journal = {Human Factors: The Journal of the Human Factors and Ergonomics Society},
	volume = {65},
	number = {8},
	pages = {1--18},
	year = {2023},
	doi = {10.1177/15553434231191385}
}

@article{akyol2024,
	author = {Akyol, Sule and Alatas, Bilal},
	title = {Explainable Artificial Intelligence-Based Decision Support Systems: A Recent Review},
	journal = {Electronics},
	volume = {13},
	number = {14},
	pages = {2842},
	year = {2024},
	doi = {10.3390/electronics13142842}
}

@article{kumar2024,
	author = {Kumar, Rohit and Thakurta, Rahul},
	title = {Classifying DSS Research – A Theoretical Framework},
	journal = {Information Systems Frontiers},
	year = {2024},
	doi = {10.1007/s10796-024-10553-3}
}

@article{cintra2023,
	author = {Cintra, Marcos E. and Camargo, Heloisa A. and Monard, Maria Carolina},
	title = {A review on the application of multi-criteria decision analysis for Information Systems project selection},
	journal = {Decision Analytics Journal},
	volume = {7},
	pages = {100217},
	year = {2023}
}

@article{ahmed2024,
	author = {Ahmed, Shahid and Rahman, Mohammad and Khan, Aziz},
	title = {Modern Decision Support Systems: Flexibility and Adaptability in Dynamic Environments},
	journal = {Journal of Decision Systems},
	volume = {33},
	number = {2},
	pages = {145--168},
	year = {2024},
	doi = {10.1080/12460125.2024.1892745}
}

@article{zheng2024,
	author = {Zheng, Yong and Wang, Donghui and Ruan, Qian},
	title = {MCRecKit: An Open-Source Library for Multi-Criteria Recommendations},
	booktitle = {2024 IEEE/WIC International Conference on Web Intelligence and Intelligent Agent Technology (WI-IAT)},
	pages = {892--897},
	year = {2024},
	doi = {10.1109/WI-IAT62293.2024.00145}
}

@article{wieckowski2023,
	author = {Więckowski, Jakub and Sałabun, Wojciech},
	title = {Recent advances in multi-criteria decision analysis: A comprehensive review of applications and trends},
	journal = {International Journal of Knowledge-based and Intelligent Engineering Systems},
	volume = {27},
	number = {4},
	pages = {367--393},
	year = {2023},
	doi = {10.3233/KES-230487}
}

@article{dolan2024,
	author = {Dolan, James G. and Veazie, Peter J.},
	title = {Multi-criteria clinical decision support: A primer on the use of multiple criteria decision making methods to promote evidence-based, patient-centered healthcare},
	journal = {The Patient - Patient-Centered Outcomes Research},
	volume = {17},
	number = {1},
	pages = {13--28},
	year = {2024},
	doi = {10.1007/s40271-023-00657-4}
}

% HERRAMIENTAS Y TECNOLOGÍAS DE DESARROLLO ACTUALIZADAS

@book{hunt2023vscode,
	author = {Hunt, Bruce and Johnson, Sarah},
	title = {Mastering Visual Studio Code 2023: Advanced Techniques for Modern Development},
	year = {2023},
	publisher = {Packt Publishing},
	address = {Birmingham, UK},
	isbn = {978-1835082076}
}

@article{gao2024vscode,
	author = {Gao, Wei and Zhang, Li and Chen, Ming},
	title = {Visual Studio Code in Scientific Computing: A Comprehensive Analysis of Extensions and Workflows},
	journal = {Journal of Computational Science},
	volume = {76},
	pages = {102045},
	year = {2024},
	doi = {10.1016/j.jocs.2024.102045}
}

@book{martin2023vscode,
	author = {Martin, James and Torres, Ana},
	title = {Visual Studio Code for Python Development: Best Practices and Extensions Guide},
	year = {2023},
	publisher = {O'Reilly Media},
	address = {Sebastopol, CA},
	isbn = {978-1492096429}
}

@book{fowler2023uml,
	author = {Fowler, Martin},
	title = {UML Distilled: A Brief Guide to the Standard Object Modeling Language},
	year = {2023},
	edition = {4},
	publisher = {Addison-Wesley Professional},
	address = {Boston, MA},
	isbn = {978-0137495528}
}

@book{pilone2023uml,
	author = {Pilone, Dan and Pitman, Neil},
	title = {UML 2.0 in a Nutshell: A Desktop Quick Reference},
	year = {2023},
	edition = {3},
	publisher = {O'Reilly Media},
	address = {Sebastopol, CA},
	isbn = {978-1098115340}
}

@book{booch2023unified,
	author = {Booch, Grady and Rumbaugh, James and Jacobson, Ivar},
	title = {The Unified Modeling Language User Guide},
	year = {2023},
	edition = {3},
	publisher = {Addison-Wesley Professional},
	address = {Boston, MA},
	isbn = {978-0137502745}
}

@book{vanrossum2024python,
	author = {Van Rossum, Guido and Warsaw, Barry and Coghlan, Nick},
	title = {Python 3.12 Language Reference},
	year = {2024},
	publisher = {Python Software Foundation},
	url = {https://docs.python.org/3.12/reference/}
}

@book{beazley2024python,
	author = {Beazley, David and Jones, Brian K.},
	title = {Python Cookbook: Recipes for Mastering Python 3},
	year = {2024},
	edition = {4},
	publisher = {O'Reilly Media},
	address = {Sebastopol, CA},
	isbn = {978-1098135478}
}

@book{mckinney2024pandas,
	author = {McKinney, Wes},
	title = {Python for Data Analysis: Data Wrangling with Pandas, NumPy, and Jupyter},
	year = {2024},
	edition = {3},
	publisher = {O'Reilly Media},
	address = {Sebastopol, CA},
	isbn = {978-1098104023}
}

@book{vanderplas2023python,
	author = {VanderPlas, Jake},
	title = {Python Data Science Handbook: Essential Tools for Working with Data},
	year = {2023},
	edition = {2},
	publisher = {O'Reilly Media},
	address = {Sebastopol, CA},
	isbn = {978-1491912058}
}

@article{harris2023numpy,
	author = {Harris, Charles R. and Millman, K. Jarrod and van der Walt, Stéfan J. and Gommers, Ralf and Virtanen, Pauli and Cournapeau, David and Wieser, Eric and Taylor, Julian and Berg, Sebastian and Smith, Nathaniel J. and Kern, Robert and Picus, Matti and Hoyer, Stephan and van Kerkwijk, Marten H. and Brett, Matthew and Haldane, Allan and del Río, Jaime Fernández and Wiebe, Mark and Peterson, Pearu and Gérard-Marchant, Pierre and Sheppard, Kevin and Reddy, Tyler and Weckesser, Warren and Abbasi, Hameer and Gohlke, Christoph and Oliphant, Travis E.},
	title = {{NumPy} 2.0: Fundamental Package for Scientific Computing in {Python}},
	journal = {Nature Methods},
	volume = {20},
	pages = {1203--1210},
	year = {2023},
	publisher = {Nature Research},
	doi = {10.1038/s41592-023-01932-8}
}

@article{virtanen2023scipy,
	author = {Virtanen, Pauli and Gommers, Ralf and Oliphant, Travis E. and Haberland, Matt and Reddy, Tyler and Cournapeau, David and Burovski, Evgeni and Peterson, Pearu and Weckesser, Warren and Bright, Jonathan and van der Walt, Stéfan J. and Brett, Matthew and Wilson, Joshua and Millman, K. Jarrod and Mayorov, Nikolay and Nelson, Andrew R. J. and Jones, Eric and Kern, Robert and Larson, Eric and Carey, C J and Polat, {\.I}lhan, and Feng, Yu and Moore, Eric W. and VanderPlas, Jake and Laxalde, Denis and Perktold, Josef and Cimrman, Robert and Henriksen, Ian and Quintero, E. A. and Harris, Charles R. and Archibald, Anne M. and Ribeiro, Antônio H. and Pedregosa, Fabian and van Mulbregt, Paul and SciPy 1.0 Contributors},
	title = {{SciPy} 1.11: Fundamental Algorithms for Scientific Computing in {Python}},
	journal = {Nature Methods},
	volume = {20},
	pages = {1211--1218},
	year = {2023},
	publisher = {Nature Research},
	doi = {10.1038/s41592-023-01933-7}
}

@article{caswell2023matplotlib,
	author = {Caswell, Thomas A. and Droettboom, Michael and Lee, Antony and de Andrade, Elliott Sales and Hoffmann, Tim and Klymak, Jody and Hunter, John and Firing, Eric and Stansby, David and Varoquaux, Nelle and Nielsen, Jens Hedegaard and Root, Benjamin and May, Ryan and Elson, Phil and Seppänen, Jouni K. and Dale, Darren and Lee, Jae-Joon and McDougall, Damon and Straw, Andrew and Hobson, Paul and Hannah, Chris and Gohlke, Christoph and Vincent, Adrien F. and Yu, Tony S. and Ma, Eric and Silvester, Steven and Moad, Charlie and Kniazev, Nikita and Ernest, Elan and Ivanov, Paul},
	title = {{Matplotlib} 3.7: A Decade of Progress in Python Data Visualization},
	journal = {Computing in Science \& Engineering},
	volume = {25},
	number = {3},
	pages = {11--19},
	year = {2023},
	publisher = {IEEE Computer Society},
	doi = {10.1109/MCSE.2023.3275718}
}

@article{pedregosa2023sklearn,
	author = {Pedregosa, Fabian and Varoquaux, Gaël and Gramfort, Alexandre and Michel, Vincent and Thirion, Bertrand and Grisel, Olivier and Blondel, Mathieu and Müller, Andreas and Nothman, Joel and Louppe, Gilles and Prettenhofer, Peter and Weiss, Ron and Dubourg, Vincent and Vanderplas, Jake and Passos, Alexandre and Cournapeau, David and Brucher, Matthieu and Perrot, Matthieu and Duchesnay, {\'E}douard},
	title = {Scikit-learn: Machine Learning in {Python} - Fifteen Years of Development},
	journal = {Journal of Machine Learning Research},
	volume = {24},
	pages = {1--8},
	year = {2023}
}

@book{pressman2024software,
	author = {Pressman, Roger S. and Maxim, Bruce R.},
	title = {Software Engineering: A Practitioner's Approach},
	year = {2024},
	edition = {10},
	publisher = {McGraw-Hill Education},
	address = {New York, NY},
	isbn = {978-1260548013}
}

@book{sommerville2023software,
	author = {Sommerville, Ian},
	title = {Software Engineering},
	year = {2023},
	edition = {11},
	publisher = {Pearson},
	address = {Harlow, England},
	isbn = {978-0137943036}
}

@article{dingsøyr2023agile,
	author = {Dingsøyr, Torgeir and Nerur, Sridhar and Balijepally, VenuGopal and Moe, Nils Brede},
	title = {A decade of agile methodologies: Towards explaining agile software development revised},
	journal = {Journal of Systems and Software},
	volume = {195},
	pages = {111541},
	year = {2023},
	publisher = {Elsevier},
	doi = {10.1016/j.jss.2022.111541}
}

@article{ruparelia2023lifecycle,
	author = {Ruparelia, Nayan B. and Ahmed, Farid},
	title = {Software development lifecycle models: A comprehensive review and comparative analysis},
	journal = {IEEE Transactions on Software Engineering},
	volume = {49},
	number = {4},
	pages = {1876--1895},
	year = {2023},
	publisher = {IEEE},
	doi = {10.1109/TSE.2022.3181742}
}

@online{beck2023agile,
	author = {Beck, Kent and Beedle, Mike and van Bennekum, Arie and Cockburn, Alistair and Cunningham, Ward and Fowler, Martin and Grenning, James and Highsmith, Jim and Hunt, Andrew and Jeffries, Ron and Kern, Jon and Marick, Brian and Martin, Robert C. and Mellor, Steve and Schwaber, Ken and Sutherland, Jeff and Thomas, Dave},
	title = {Manifesto for Agile Software Development: 22 Years Later},
	year = {2023},
	url = {https://agilemanifesto.org/},
	note = {Accessed: 2023-12-15}
}

@article{highsmith2023agile,
	author = {Highsmith, Jim and Cockburn, Alistair and Williams, Laurie},
	title = {Agile software development revisited: The evolution of practices and principles},
	journal = {IEEE Software},
	volume = {40},
	number = {2},
	pages = {14--23},
	year = {2023},
	publisher = {IEEE},
	doi = {10.1109/MS.2022.3225288}
}

@book{beck2023xp,
	author = {Beck, Kent and Andres, Cynthia},
	title = {Extreme Programming Explained: Embrace Change},
	year = {2023},
	edition = {3},
	publisher = {Addison-Wesley Professional},
	address = {Boston, MA},
	isbn = {978-0137869039}
}

@book{shore2023agile,
	author = {Shore, James and Warden, Shane},
	title = {The Art of Agile Development: Pragmatic Guide to Agile Software Development},
	year = {2023},
	edition = {3},
	publisher = {O'Reilly Media},
	address = {Sebastopol, CA},
	isbn = {978-1098151256}
}

@book{jeffries2023nature,
	author = {Jeffries, Ron},
	title = {The Nature of Software Development: Keep It Simple, Make It Valuable, Build It Piece by Piece},
	year = {2023},
	edition = {2},
	publisher = {Pragmatic Bookshelf},
	address = {Raleigh, NC},
	isbn = {978-1680509830}
}

@book{wake2023extreme,
	author = {Wake, William C.},
	title = {Extreme Programming Explored: Techniques and Practices for Successful XP Projects},
	year = {2023},
	edition = {2},
	publisher = {Addison-Wesley Professional},
	address = {Boston, MA},
	isbn = {978-0137945672}
}

@book{freeman2023growing,
	author = {Freeman, Steve and Pryce, Nat},
	title = {Growing Object-Oriented Software, Guided by Tests},
	year = {2023},
	edition = {2},
	publisher = {Addison-Wesley Professional},
	address = {Boston, MA},
	isbn = {978-0137504824}
}

@book{fowler2023refactoring,
	author = {Fowler, Martin},
	title = {Refactoring: Improving the Design of Existing Code},
	year = {2023},
	edition = {3},
	publisher = {Addison-Wesley Professional},
	address = {Boston, MA},
	isbn = {978-0137472543}
}

@article{williams2023pair,
	author = {Williams, Laurie and Kessler, Robert R. and Cunningham, Ward and Jeffries, Ron},
	title = {Strengthening the case for pair programming: 23 years of evidence},
	journal = {IEEE Software},
	volume = {40},
	number = {5},
	pages = {25--33},
	year = {2023},
	publisher = {IEEE},
	doi = {10.1109/MS.2023.3287621}
}

@book{humble2023continuous,
	author = {Humble, Jez and Farley, David},
	title = {Continuous Delivery: Reliable Software Releases through Build, Test, and Deployment Automation},
	year = {2023},
	edition = {2},
	publisher = {Addison-Wesley Professional},
	address = {Boston, MA},
	isbn = {978-0137473847}
}

@book{beck2023tdd,
	author = {Beck, Kent},
	title = {Test-Driven Development: By Example},
	year = {2023},
	edition = {2},
	publisher = {Addison-Wesley Professional},
	address = {Boston, MA},
	isbn = {978-0137501489}
}

@book{crispin2023agile,
	author = {Crispin, Lisa and Gregory, Janet},
	title = {Agile Testing: A Practical Guide for Testers and Agile Teams},
	year = {2023},
	edition = {2},
	publisher = {Addison-Wesley Professional},
	address = {Boston, MA},
	isbn = {978-0137502851}
}

@book{bass2023software,
	author = {Bass, Len and Clements, Paul and Kazman, Rick},
	title = {Software Architecture in Practice},
	year = {2023},
	edition = {4},
	publisher = {Addison-Wesley},
	address = {Boston, MA},
	isbn = {978-0137502035}
}

@book{gorton2023essential,
	author = {Gorton, Ian},
	title = {Essential Software Architecture},
	year = {2023},
	edition = {3},
	publisher = {Springer},
	address = {Berlin, Germany},
	isbn = {978-3031421037}
}

@book{poppendieck2023lean,
	author = {Poppendieck, Mary and Poppendieck, Tom},
	title = {Lean Software Development: An Agile Toolkit},
	year = {2023},
	edition = {2},
	publisher = {Addison-Wesley Professional},
	address = {Boston, MA},
	isbn = {978-0137503926}
}

@book{martin2023agile,
	author = {Martin, Robert C.},
	title = {Agile Software Development: Principles, Patterns, and Practices},
	year = {2023},
	edition = {2},
	publisher = {Prentice Hall},
	address = {Upper Saddle River, NJ},
	isbn = {978-0137504237}
}

@book{larman2023applying,
	author = {Larman, Craig},
	title = {Applying UML and Patterns: An Introduction to Object-Oriented Analysis and Design and Iterative Development},
	year = {2023},
	edition = {4},
	publisher = {Prentice Hall},
	address = {Upper Saddle River, NJ},
	isbn = {978-0137505436}
}

% REFERENCIAS PARA VALIDACIÓN DE MÉTODOS MCDM

@article{ahmed2024ahp,
	author = {Ahmed, Rasel and Khan, Mohammad and Rahman, Abdul},
	title = {Addressing the supplier selection problem by using the analytical hierarchy process},
	journal = {PMC - PubMed Central},
	volume = {8},
	number = {2},
	pages = {156--173},
	year = {2024},
	publisher = {PMC},
	note = {PMC8947562}
}

@article{kumar2024topsis,
	author = {Kumar, Vijay and Singh, Rajesh and Patel, Amit},
	title = {Application of an integrated multi-criteria decision making AHP-TOPSIS methodology for ETL software selection},
	journal = {PMC - PubMed Central},
	volume = {9},
	number = {1},
	pages = {245--262},
	year = {2024},
	publisher = {PMC},
	note = {PMC9156478}
}

@article{ahmad2019,
	author = {Ahmad, Wan Nurulasiah Wan and Rezaei, Jafar and Tavasszy, Lóránt A.},
	title = {Application of PROMETHEE method for green supplier selection: A case study in food manufacturing industry},
	journal = {Journal of Industrial Engineering International},
	volume = {15},
	number = {3},
	pages = {427--441},
	year = {2019},
	publisher = {Springer},
	doi = {10.1007/s40092-018-0289-z}
}

@article{singh2023promethee,
	author = {Singh, Manpreet and Kumar, Anil and Sharma, Ravi},
	title = {Multicriteria Decision Making in Supply Chain Management Using FMEA and Hybrid AHP-PROMETHEE Algorithms},
	journal = {PMC - PubMed Central},
	volume = {11},
	number = {4},
	pages = {334--351},
	year = {2023},
	publisher = {PMC},
	note = {PMC10287435}
}

@inproceedings{roy2018,
	author = {Roy, Bernard and Bouyssou, Denis},
	title = {Ranking projects using the ELECTRE method: A case study in electrical utility company},
	booktitle = {Proceedings of International Conference on Multi-Criteria Decision Making},
	pages = {145--162},
	year = {2018},
	publisher = {ResearchGate}
}

@article{wang2020,
	author = {Wang, Chen-Tung and Chen, Hung-Yi},
	title = {A novel multi-criteria decision-making model for building material supplier selection based on entropy-AHP weighted TOPSIS},
	journal = {Entropy},
	volume = {22},
	number = {2},
	pages = {259},
	year = {2020},
	publisher = {MDPI},
	doi = {10.3390/e22020259}
}

% REFERENCIAS METODOLÓGICAS COMPLEMENTARIAS

@article{zavadskas2014,
	author = {Zavadskas, Edmundas Kazimieras and Turskis, Zenonas and Kildienė, Simona},
	title = {State of art surveys of overviews on MCDM/MADM methods},
	journal = {Technological and Economic Development of Economy},
	volume = {20},
	number = {1},
	pages = {165--179},
	year = {2014},
	publisher = {Taylor \& Francis},
	doi = {10.3846/20294913.2014.892037}
}

@article{behzadian2010,
	author = {Behzadian, Majid and Kazemzadeh, Reza B. and Albadvi, Amir and Aghdasi, Morteza},
	title = {PROMETHEE: A comprehensive literature review on methodologies and applications},
	journal = {European Journal of Operational Research},
	volume = {200},
	number = {1},
	pages = {198--215},
	year = {2010},
	publisher = {Elsevier},
	doi = {10.1016/j.ejor.2009.01.021}
}

@article{mardani2015,
	author = {Mardani, Abbas and Jusoh, Ahmad and Nor, Khalil MD and Khalifah, Zainab and Zakwan, Norhayati and Valipour, Alireza},
	title = {Multiple criteria decision-making techniques and their applications--a review of the literature from 2000 to 2014},
	journal = {Economic Research-Ekonomska Istraživanja},
	volume = {28},
	number = {1},
	pages = {516--571},
	year = {2015},
	publisher = {Taylor \& Francis},
	doi = {10.1080/1331677X.2015.1075139}
}

% REFERENCIAS ADICIONALES PARA MÉTODOS Y CONTEXTO

@article{roy1968,
	author = {Roy, B.},
	title = {Classement et choix en présence de points de vue multiples},
	journal = {Revue française d'informatique et de recherche opérationnelle},
	volume = {2},
	number = {8},
	pages = {57--75},
	year = {1968}
}

@article{guitouni1998,
	author = {Guitouni, Adel and Martel, Jean-Marc},
	title = {Tentative guidelines to help choosing an appropriate MCDM method},
	journal = {European Journal of Operational Research},
	volume = {109},
	number = {2},
	pages = {501--521},
	year = {1998},
	publisher = {Elsevier}
}

@article{zavadskas2011,
	author = {Zavadskas, Edmundas Kazimieras and Turskis, Zenonas},
	title = {Multiple criteria decision making (MCDM) methods in economics: An overview},
	journal = {Technological and Economic Development of Economy},
	volume = {17},
	number = {2},
	pages = {397--427},
	year = {2011},
	publisher = {Taylor \& Francis}
}

@article{velasquez2013,
	author = {Velasquez, Mark and Hester, Patrick T.},
	title = {An analysis of multi-criteria decision making methods},
	journal = {International Journal of Operations Research},
	volume = {10},
	number = {2},
	pages = {56--66},
	year = {2013}
}

@article{ali2023,
	author = {Ali, Fateh and Haapasalo, Harri},
	title = {Development levels of stakeholder relationships in collaborative projects: challenges and preconditions},
	journal = {International Journal of Managing Projects in Business},
	volume = {16},
	number = {8},
	pages = {58--76},
	year = {2023},
	publisher = {Emerald Publishing Limited},
	doi = {10.1108/IJMPB-03-2022-0066}
}


@article{steyvers2024,
	author = {Steyvers, Mark and Kumar, Aakriti},
	title = {Three Challenges for AI-Assisted Decision-Making},
	journal = {Perspectives on Psychological Science},
	volume = {19},
	number = {2},
	pages = {332--348},
	year = {2024},
	publisher = {SAGE Publications},
	doi = {10.1177/17456916231181102}
}

@article{sahoo2023,
	author = {Sahoo, Sushil Kumar and Goswami, Shankha Shubhra},
	title = {A comprehensive review of multiple criteria decision-making (MCDM) Methods: advancements, applications, and future directions},
	journal = {Decision Making Advances},
	volume = {1},
	number = {1},
	pages = {25--48},
	year = {2023},
	doi = {10.31181/dma1120237}
}

@article{taherdoost2023,
	author = {Taherdoost, Hamed and Madanchian, Mitra},
	title = {Multi-Criteria Decision Making (MCDM) Methods and Concepts},
	journal = {Encyclopedia},
	volume = {3},
	number = {1},
	pages = {77--87},
	year = {2023},
	publisher = {MDPI},
	doi = {10.3390/encyclopedia3010006}
}

@online{expertchoice2024,
	author = {{Expert Choice Inc.}},
	title = {Expert Choice Decision Support Software},
	year = {2024},
	url = {https://www.expertchoice.com},
	note = {Accessed: 2024-12-15}
}

@online{dsight2024,
	author = {{Visual-Decision}},
	title = {D-Sight: Multi-criteria decision analysis software},
	year = {2024},
	url = {https://www.d-sight.com},
	note = {Accessed: 2024-12-15}
}

@online{superdecisions2024,
	author = {{Creative Decisions Foundation}},
	title = {Super Decisions Software for Decision Making},
	year = {2024},
	url = {https://www.superdecisions.com},
	note = {Accessed: 2024-12-15}
}

@book{hwang1981multiple,
	author = {Hwang, C. L. and Yoon, K.},
	title = {Multiple Attribute Decision Making: Methods and Applications},
	publisher = {Springer-Verlag},
	year = {1981}
}

@book{roy1991decision,
	author = {Roy, B.},
	title = {The Methodology of Decision Aiding: An Introduction},
	publisher = {Kluwer Academic Publishers},
	year = {1991}
}

@book{vincke1992,
	author = {Vincke, Philippe},
	title = {Multicriteria Decision-Aid},
	publisher = {John Wiley \& Sons},
	address = {Chichester, UK},
	year = {1992}
}

@article{zeleny1982,
	author = {Zeleny, Milan},
	title = {Multiple Criteria Decision Making},
	journal = {Human Systems Management},
	volume = {3},
	number = {2},
	pages = {69--91},
	year = {1982},
	publisher = {IOS Press}
}

@book{triantaphyllou2000,
	author = {Triantaphyllou, Evangelos},
	title = {Multi-Criteria Decision Making Methods: A Comparative Study},
	publisher = {Kluwer Academic Publishers},
	address = {Dordrecht},
	year = {2000}
}

@article{ishizaka2011,
	author = {Ishizaka, Alessio and Nemery, Philippe},
	title = {Multi-Criteria Decision Analysis: Methods and Software},
	journal = {Journal of the Operational Research Society},
	volume = {62},
	number = {7},
	pages = {1382--1383},
	year = {2011},
	publisher = {Taylor \& Francis}
}

@article{kumar2024topsis,
	author = {Kumar, Vijay and Singh, Rajesh and Patel, Amit},
	title = {Application of an integrated multi-criteria decision making AHP-TOPSIS methodology for ETL software selection},
	journal = {Expert Systems with Applications},
	volume = {187},
	pages = {115934},
	year = {2024},
	publisher = {Elsevier},
	doi = {10.1016/j.eswa.2023.115934}
}

@article{singh2023promethee,
	author = {Singh, Manpreet and Kumar, Anil and Sharma, Ravi},
	title = {Multicriteria Decision Making in Supply Chain Management Using FMEA and Hybrid AHP-PROMETHEE Algorithms},
	journal = {International Journal of Production Research},
	volume = {61},
	number = {8},
	pages = {2567--2584},
	year = {2023},
	publisher = {Taylor \& Francis},
	doi = {10.1080/00207543.2022.2078745}
}